@book{ccd,
   author = {Howell, Steve B.},
   title = {{Handbook of CCD Astronomy}},
   volume = 5,
   series = {Cambridge Observing Handbooks for Research Astronomers},
   publisher = {Cambridge University Press},
   edition = {Second},
   year = {2006},
}

@book{telescopes,
   author = {Chromey, Frederick R.},
   title = {{To Measure the Sky}},
   publisher = {Cambridge University Press},
   year = {2010}
}

@misc{hgline,
   author = {Lacarra, Maite and Ariel Majcher},
   title = {{Spectra Around Us}},
   howpublished = "\url{http://www.euhou.net}",
   year={2013},
   note = "[Accessed October 3 2013]"
}

@misc{neline,
   author = {Buil, Christian},
   title = {{Spectral Calibration}},
   howpublished = "\url{http://www.astrosurf.com/buil/us/spe2/hresol4.htm}",
   year = {2013},
   note = "[Accessed October 3 2013, October 29 2013]"
}

@misc{hlines,
   author = {Nave, C.R.},
   title = {{Hydrogen Spectrum}},
   howpublished = "\url{http://hyperphysics.phy-astr.gsu.edu}",
   year={2013},
   note = "[Accessed October 29 2013]"
}

@misc{albireo,
   author = {Kaler,Jim},
   title = {{Albireo}},
   howpublished = "\url{http://stars.astro.illinois.edu/sow/albireo.html}",
   year = {2013},
   note = "[Accessed October 31 2013]"
}

@misc{enif,
   author = {Kaler,Jim},
   title = {{Enif}},
   howpublished = "\url{http://stars.astro.illinois.edu/sow/enif.html}",
   year = {2013},
   note = "[Accessed October 31 2013]"
}

@misc{vega,
   author = {Kaler,Jim},
   title = {{Vega}},
   howpublished = "\url{http://stars.astro.illinois.edu/sow/vega.html}",
   year = {2013},
   note = "[Accessed October 31 2013]",
}

@misc{urania,
   author = {NASA},
   title = {{JPL HORIZONS}},
   howpublished = "\url{http://ssd.jpl.nasa.gov/horizons.cgi}",
   year = {2013},
   note = "[Accessed November 29 2013]",
}

